@ARTICLE{iers2010,
   author = {{Petit}, G. and {Luzum}, B. and {et al.}},
    title = "{IERS Conventions (2010)}",
  journal = {IERS Technical Note},
     year = 2010,
   volume = 36,
    pages = {1--179},
   adsurl = {http://adsabs.harvard.edu/abs/2010ITN....36....1P},
  adsnote = {Provided by the SAO/NASA Astrophysics Data System}
}

@ARTICLE{usno179,
   author = {{Kaplan}, G.~H.},
    title = "{The IAU resolutions on astronomical reference systems, time scales, and earth rotation models : explanation and implementation}",
  journal = {U.S.~Naval Observatory Circulars},
   eprint = {arXiv:astro-ph/0602086},
 keywords = {REFERENCE SYSTEMS, ASTROMETRY},
     year = 2005,
   volume = 179,
   adsurl = {http://adsabs.harvard.edu/abs/2005USNOC.179.....K},
  adsnote = {Provided by the SAO/NASA Astrophysics Data System}
}
